
:20:STARTUMS
:25:00008440/255766042001
:28C:1
:60F:C111130CHF000000000000,00
:61:1111301130C000000039366,70FMSCNONREF
:86:THOMAS MICHAEL KAYSER
3603 THUN
THOMAS MICHAEL KAYSER
3603 THUN
CH/UBS/0235-FJ132331
ERWERB/ AMORTISATION WOHNEIGENTUM
THOMAS KAYSER
BC Buchungsnr. 73441356
:61:1111301130C000000018089,40FMSCNONREF
:86:KAYSER THOMAS
SIEDLUNGSSTRASSE 6A
KAYSER THOMAS
SIEDLUNGSSTRASSE 6A
3603 THUN
BC Buchungsnr. 73654519
:61:1111301130C000000001970,65FMSCNONREF
:86:KAYSER GORDANA
SIEDLUNGSSTRASSE 6A
KAYSER GORDANA
SIEDLUNGSSTRASSE 6A
3603 THUN
BC Buchungsnr. 73694830
:61:1111301130D000000000004,00FMSCNONREF
:86:Kontoführungsgebühren
BC Buchungsnr. 73874129
:61:1112071207C000000036000,00FMSCNONREF
:86:THOMAS MICHAEL KAYSER
3603 THUN
THOMAS MICHAEL KAYSER
3603 THUN
CH/UBS/0235-90216759
BC Buchungsnr. 75076456
:61:1112151215C000000425000,00FMSCNONREF
:86:Eröffnung Darlehen
Auszahlung Starthypothek bis 15.12.2016 (25576604.4002) Einfamili
Eröffnung Darlehen
Auszahlung Starthypothek bis 15.12.2016 (25576604.4002) Einfamili
enhaus, Wohnüberbauung Sonnhalde, Thierachern
BC Buchungsnr. 76113101
:61:1112151215C000000300000,00FMSCNONREF
:86:Eröffnung Darlehen
Auszahlung Supercard-Hypothek bis 15.12.2014 (25576604.4003) Einf
Eröffnung Darlehen
Auszahlung Supercard-Hypothek bis 15.12.2014 (25576604.4003) Einf
amilienhaus,  Wohnüberbauung Sonnhalde, Thiera...
BC Buchungsnr. 76113165
:61:1112151215D000000820000,00FMSCNONREF
:86:AEK Bank 1826 Genossenschaft
3601 Thun
AEK Bank 1826 Genossenschaft
3601 Thun
Rest-Kaufpreis GB Thierachern
Nr. 1149, Einfamilienhaus
Ueberbauung Sonnhalde
BC Buchungsnr. 76071773
:61:1112311230D000000000040,75FMSCNONREF
:86:Zinsbelastung
Zinszahlung 15.12.2011 - 31.12.2011, Starthypothek bis 15.12.2016
Zinsbelastung
Zinszahlung 15.12.2011 - 31.12.2011, Starthypothek bis 15.12.2016
(25576604.4002) Einfamilienhaus, Wohnüberbauung Sonnhalde, Thier
achern
BC Buchungsnr. 78681923
:61:1112311230D000000000135,00FMSCNONREF
:86:Zinsbelastung
Zinszahlung 15.12.2011 - 31.12.2011, Supercard-Hypothek bis 15.12
Zinsbelastung
Zinszahlung 15.12.2011 - 31.12.2011, Supercard-Hypothek bis 15.12
.2014 (25576604.4003) Einfamilienhaus,  Wohnüberbauung Sonnhalde,
Thiera...
BC Buchungsnr. 78682045
:61:1112311230D000000000000,85FMSCNONREF
:86:Gebühren sonst. Dienstleistungen
Dienstleistungsgebühren
Gebühren sonst. Dienstleistungen
Dienstleistungsgebühren
BC Buchungsnr. 79230031
:61:1112311231C000000000003,25FMSCNONREF
:86:Kontoabschluss
BC Buchungsnr. 79351343
:61:1202020202D000000000030,00FMSCNONREF
:86:Gebühren Maestro-Karte
BC Buchungsnr. 85172485
:61:1202020202D000000000030,00FMSCNONREF
:86:Gebühren Maestro-Karte
BC Buchungsnr. 85172755
:61:1201270127C000000007000,00FMSCNONREF
:86:anea gmbh
Bannlistrasse 17
anea gmbh
Bannlistrasse 17
4533 Riedholz
Lonh
BC Buchungsnr. 83689884
:61:1202020202D000000000030,00FMSCNONREF
:86:Geb¸hren Maestro-Karte
BC Buchungsnr. 85172266
:61:1202130213D000000000700,00FMSCNONREF
:86:Thomas und Gordana Kayser
Wahlenweg 16c
Thomas und Gordana Kayser
Wahlenweg 16c
3634 Thierachern
BC Buchungsnr. 86384117
:61:1202120214D000000000200,00FMSCNONREF
:86:Geldbezug Bancomat
Bezugsort: RB THIERACHERN
Geldbezug Bancomat
Bezugsort: RB THIERACHERN
Transaktionsdatum: 12.02.12 / 18:06:05
Karten-Nr.: 81032715
Betrag: CHF 200.00
BC Buchungsnr. 87448187
:61:1202150215C000000000073,00FMSCNONREF
:86:Gabriel Lang
Schulstrasse 42
Gabriel Lang
Schulstrasse 42
4654 Lostorf
iPod Classic Display defekt
BC Buchungsnr. 87629062
:61:1202160216C000000011417,65FMSCNONREF
:86:anea gmbh
Bannlistrasse 17
anea gmbh
Bannlistrasse 17
4533 Riedholz
Auszahlung Kto. Krt.
(abzuglich Uberweisung vom
27.01.12)
BC Buchungsnr. 87822682

:62F:C120202CHF000000000189,40
